<record xmlns="http://www.loc.gov/MARC21/slim" xmlns:xsi="http://www.w3.org/2001/XMLSchema-instance" xsi:schemaLocation="http://www.loc.gov/MARC21/slim http://www.loc.gov/standards/marcxml/schema/MARC21slim.xsd">

  <leader>00721nam a2200169   4500</leader>
  <controlfield tag="008">160530b2016    cr ||||| |||| 00| | spa d</controlfield>
  <datafield tag="090" ind1=" " ind2=" ">
    <subfield code="a">06.05.01</subfield>
    <subfield code="b">2337</subfield>
  </datafield>
  <datafield ind2=" " ind1="1" tag="100">
    <subfield code="9">110</subfield>
    <subfield code="a">González Zúñiga, Marianela</subfield>
  </datafield>
  <datafield tag="245" ind2="0" ind1="1">
    <subfield code="a">Construcción de un marco de referencia pedagógico para los cursos de formación profesional, que se impartan desde el Instituto de Investigación en Educación /</subfield>
    <subfield code="c">Marianela González Zúñiga</subfield>
  </datafield>
  <datafield tag="260" ind1=" " ind2=" ">
    <subfield code="a">[San José, Costa Rica] :</subfield>
    <subfield code="b">INIE,</subfield>
    <subfield code="c">2016</subfield>
  </datafield>
  <datafield tag="300" ind2=" " ind1=" ">
    <subfield code="a">12 páginas, 61 páginas sin numerar</subfield>
  </datafield>
  <datafield tag="500" ind1=" " ind2=" ">
    <subfield code="a">Informe parcial proyecto de Acción Social ED-3153</subfield>
  </datafield>
  <datafield tag="610" ind2="0" ind1="1">
    <subfield code="9">153</subfield>
    <subfield code="a">INSTITUTO DE INVESTIGACIÓN EN EDUCACIÓN</subfield>
  </datafield>
  <datafield ind1="1" ind2="4" tag="650">
    <subfield code="9">729</subfield>
    <subfield code="a">CAPACITACIÓN</subfield>
  </datafield>
  <datafield ind1="1" ind2="4" tag="650">
    <subfield code="9">1822</subfield>
    <subfield code="a">GUÍA</subfield>
  </datafield>
  <datafield tag="942" ind1=" " ind2=" ">
    <subfield code="2">z</subfield>
    <subfield code="c">04</subfield>
  </datafield>
  <datafield ind2=" " ind1=" " tag="999">
    <subfield code="c">3238</subfield>
    <subfield code="d">3238</subfield>
  </datafield>
</record>